@article{SurLesEnsemblesFinis,
  author =       "Alfred Tarski",
  title =        "\href{https://doi.org/10.4064/fm-6-1-45-95}{Sur les ensembles finis}",
  journal =      "Fundamenta Mathematicae",
  volume =       "6",
  pages =        "45--95",
  year =         "1924",
  DOI =          "10.4064/fm-6-1-45-95"
}

@article{TheIndependenceOfVariousDefinitionsOfFiniteness,
  author =       "John Truss",
  title =        "{\href{https://doi.org/10.2307/2964247}{The independence of various definitions of finiteness}}",
  journal =      "Fundamenta Mathematicae",
  volume =       "46",
  pages =        "1â€“-13",
  year =         "1958",
  DOI =          "10.2307/2964247"
}

@article{ClassesOfDedekindDiniteCardinals,
  author =       "John Truss",
  title =        "\href{https://doi.org/10.4064/fm-84-3-187-208}{Classes of Dedekind Finite Cardinals}",
  journal =      "Fundamenta Mathematicae",
  volume =       "84",
  pages =        "187--208",
  year =         "1974",
  DOI =          "10.4064/fm-84-3-187-208"
}



