
 @article{Tarski:0,
  author = {A. Tarski},
  title = {Sur les ensembles finis},
  journal = {{F}undamenta {M}athematicae},
  year = 1924,
  volume = 6,
  pages = {45,95}}


 @article{Levy:0,
	author = {A. Levy},
	title = {The independence of various definitions of finiteness},
	journal = {{F}undamenta {M}athematicae},
	year = 1958,
	volume = 46,
	issue = 1,
	pages = {1--13}}

 @article{Truss:0,
	author = {J. Truss},
	title = {Classes of Dedekind finite cardinals},
	journal = {{F}undamenta {M}athematicae},
	year = 1974,
	volume = 84,
	issue = 3,
	pages = {187--208}}

 @article{Sageev:0,
 	author = {G. Sageev},
 	title = {A model of ZF + there exists an inaccessible, in which the dedekind cardinals constitute a natural non-standard model of arithmetic},
 	journal = {Annals of Mathematical Logic},
 	year = 1981,
 	volume = 21,
 	issue = {2--3},
 	pages = {221--281}}